<?xml version="1.0" encoding="UTF-8"?><collection xmlns="http://www.loc.gov/MARC21/slim"><record><leader>00427nam--2200121-i-4500</leader><controlfield tag="001">000013824</controlfield><controlfield tag="002">20161230</controlfield><controlfield tag="005">20161230201030</controlfield><controlfield tag="008">060222s1000------------r-----000-0-eng-d</controlfield><datafield ind1=" " ind2=" " tag="245"><subfield code="a">Culegere de articule si comunicari. traducerea din trudi geofiziceskovo institute nr.21(148), izdatelstvo akademii nauk sssr, m., 1953</subfield></datafield><datafield ind1=" " ind2=" " tag="260"><subfield code="a">Bucuresti, Academia Republicii Populare Romane, 1953</subfield></datafield><datafield ind1=" " ind2=" " tag="490"><subfield code="a">152p</subfield></datafield><datafield ind1=" " ind2=" " tag="852"><subfield code="a">550.34(04)=03.82=590</subfield></datafield></record></collection>